1267 1540
1006 37 73 56 101

172 103 1011 78 Was sagst du zu dem uns doppelt, für heut

132 187 1069 61 u. morgen bedräuenden Wetter aber? Soll

134 263 1063 80 es Aenderungen machen, wenn es sich nicht än-

147 343 1036 92 dern sollte? Das Bild wird freilich bey

137 433 1061 85 trübem Wetter betrübt aussehn u. die Ein-

152 521 1013 88 geladenen werden schlecht gehen, oder, für

141 610 1065 100 gut Geld, gut fahren müssen, welches auch

174 703 1028 88 nicht mal die Folge ist, wie z. B. Heinrich

146 776 1018 99 Beers Wagen gestern Abend unter ihm

145 861 1044 105 getödtet ist, wir fanden ihn, den Wagen

142 944 1033 99 nämlich, in den letzten Zügen noch, der

146 1021 1058 96 Insasse war aber glücklich davon gekommen

151 1112 426 81 u. gegangen schon.

181 1172 1021 84 Aber wegen Paul haben wir keinen andren

130 1243 1006 86 Tag, wenn er sich nicht einen machen kann,

141 1317 1066 90 einen Kaffeenachmittag etwan. Denk ein
