1267 1540
163 109 1015 80 Ist unser Schwesterchen wieder ganz? Grüße mir

160 196 305 69 das gute Kind.

197 273 993 60 Und nun über die morgende Staatsaktion noch

170 352 1033 71 etwas, mit der ich Staat machen will, wozu

175 420 1045 92 du helfen mußt, liebe Statthalterin. Gieb nicht

179 506 1041 99 zu haushälterischen Rath, ich habe ja eine Partie

174 598 1031 96 Süßigkeit zu gut beim Geschick, da ich meine

201 684 1015 87 nicht genossen habe, laß sie uns allso mit

210 766 960 84 Geschick verwenden morgen. Wie soll der

189 851 1011 80 gloriose Kuchen heißen der die Krone des

182 935 1012 72 Ganzen macht? Taufe, ich kaufe ihn. Der

178 1022 997 70 muß wohl heut bestellt werden, drum frag‘

181 1085 1025 94 ich schon. Und kühlen wir den Enthusiasmus

175 1171 1050 91 nachher mit Eis, um ihn mehr zu entflammen?

174 1249 1039 88 Gieb Vorschrift, das andre u. Geschirre giebt

172 1328 961 81 Stehely. Bestimme nur die Stunde auch.
