1596 1764
263 88 1213 107 Diesmal iſt dein Brief ſo praktiſch, daß ich

257 180 1277 97 ordentlich vornehmen muß, um ihn Stück

119 277 1377 81 vor Stück zu beantworten. Rebecka hat

121 374 1409 71 noch etwas Magenſchmerz übrig, aber wenig.

117 461 1407 92 Dagegen iſt Vater nicht wohl, ich hoffe, er ſoll

115 552 1091 73 uns keinen Queerſtrich machen.

127 621 1410 84 Der Kuchen kann, wenn du willſt, Butter-

112 708 1411 81 kuchen heißen, er iſt ein edler Mann, u.

126 785 1374 94 zu Chocolade prächtig zu brauchen, gegen Eis,

113 871 1396 77 erkläre ich mich, aus manchen Gründen, die

124 952 1412 83 ich dir mündlich auseinander ſetzen werde.

109 1018 1396 98 Wenn nur Vater nicht das Fieber beköm̅t, das

104 1116 990 84 wäre der übelſte Queerſtrich.

117 1182 1419 103 Beſtelle Gans, ich denke wir gehn nicht in dem

117 1279 1409 93 Wetter, aber kom̅e, wenn du die Gans gerupft

122 1349 136 94 haſt.

743 1365 444 56 Deine Fanny.

117 1438 830 80 Morgen denk ich, um 12

179 1618 72 91 79
